<?xml version="1.0" encoding="utf-8" ?>
<gnc-v2
     xmlns:gnc="http://www.gnucash.org/XML/gnc"
     xmlns:act="http://www.gnucash.org/XML/act"
     xmlns:book="http://www.gnucash.org/XML/book"
     xmlns:cd="http://www.gnucash.org/XML/cd"
     xmlns:cmdty="http://www.gnucash.org/XML/cmdty"
     xmlns:price="http://www.gnucash.org/XML/price"
     xmlns:slot="http://www.gnucash.org/XML/slot"
     xmlns:split="http://www.gnucash.org/XML/split"
     xmlns:sx="http://www.gnucash.org/XML/sx"
     xmlns:trn="http://www.gnucash.org/XML/trn"
     xmlns:ts="http://www.gnucash.org/XML/ts"
     xmlns:fs="http://www.gnucash.org/XML/fs"
     xmlns:bgt="http://www.gnucash.org/XML/bgt"
     xmlns:recurrence="http://www.gnucash.org/XML/recurrence"
     xmlns:lot="http://www.gnucash.org/XML/lot"
     xmlns:addr="http://www.gnucash.org/XML/addr"
     xmlns:owner="http://www.gnucash.org/XML/owner"
     xmlns:billterm="http://www.gnucash.org/XML/billterm"
     xmlns:bt-days="http://www.gnucash.org/XML/bt-days"
     xmlns:bt-prox="http://www.gnucash.org/XML/bt-prox"
     xmlns:cust="http://www.gnucash.org/XML/cust"
     xmlns:employee="http://www.gnucash.org/XML/employee"
     xmlns:entry="http://www.gnucash.org/XML/entry"
     xmlns:invoice="http://www.gnucash.org/XML/invoice"
     xmlns:job="http://www.gnucash.org/XML/job"
     xmlns:order="http://www.gnucash.org/XML/order"
     xmlns:taxtable="http://www.gnucash.org/XML/taxtable"
     xmlns:tte="http://www.gnucash.org/XML/tte"
     xmlns:vendor="http://www.gnucash.org/XML/vendor">
<gnc:count-data cd:type="book">1</gnc:count-data>
<gnc:book version="2.0.0">
<book:id type="guid">fb0911dd508266db9446bc605edad3e4</book:id>
<book:slots>
  <slot>
    <slot:key>counter_formats</slot:key>
    <slot:value type="frame"/>
  </slot>
  <slot>
    <slot:key>options</slot:key>
    <slot:value type="frame">
      <slot>
        <slot:key>Budgeting</slot:key>
        <slot:value type="frame"/>
      </slot>
    </slot:value>
  </slot>
</book:slots>
<gnc:count-data cd:type="commodity">1</gnc:count-data>
<gnc:count-data cd:type="account">6</gnc:count-data>
<gnc:count-data cd:type="transaction">1</gnc:count-data>
<gnc:count-data cd:type="price">1</gnc:count-data>
<gnc:commodity version="2.0.0">
  <cmdty:space>ISO4217</cmdty:space>
  <cmdty:id>EUR</cmdty:id>
  <cmdty:get_quotes/>
  <cmdty:quote_source>currency</cmdty:quote_source>
  <cmdty:quote_tz/>
</gnc:commodity>
<gnc:commodity version="2.0.0">
  <cmdty:space>ISO4217</cmdty:space>
  <cmdty:id>USD</cmdty:id>
  <cmdty:get_quotes/>
  <cmdty:quote_source>currency</cmdty:quote_source>
  <cmdty:quote_tz/>
</gnc:commodity>
<gnc:commodity version="2.0.0">
  <cmdty:space>template</cmdty:space>
  <cmdty:id>template</cmdty:id>
  <cmdty:name>template</cmdty:name>
  <cmdty:xcode>template</cmdty:xcode>
  <cmdty:fraction>1</cmdty:fraction>
</gnc:commodity>
<gnc:pricedb version="1">
  <price>
    <price:id type="guid">8622e90f9ba655d4170d24fcfd55504f</price:id>
    <price:commodity>
      <cmdty:space>ISO4217</cmdty:space>
      <cmdty:id>EUR</cmdty:id>
    </price:commodity>
    <price:currency>
      <cmdty:space>ISO4217</cmdty:space>
      <cmdty:id>USD</cmdty:id>
    </price:currency>
    <price:time>
      <ts:date>2016-09-18 20:23:55 +0200</ts:date>
    </price:time>
    <price:source>Finance::Quote</price:source>
    <price:type>last</price:type>
    <price:value>111530000/100000000</price:value>
  </price>
</gnc:pricedb>
<gnc:account version="2.0.0">
  <act:name>Root Account</act:name>
  <act:id type="guid">308ade8cf0be2b0b05c5eec3114a65fa</act:id>
  <act:type>ROOT</act:type>
  <act:commodity>
    <cmdty:space>ISO4217</cmdty:space>
    <cmdty:id>USD</cmdty:id>
  </act:commodity>
  <act:commodity-scu>100</act:commodity-scu>
</gnc:account>
<gnc:account version="2.0.0">
  <act:name>Assets</act:name>
  <act:id type="guid">3f44d61cb1afd201e8ea5a54ec4fbbff</act:id>
  <act:type>ASSET</act:type>
  <act:commodity>
    <cmdty:space>ISO4217</cmdty:space>
    <cmdty:id>USD</cmdty:id>
  </act:commodity>
  <act:commodity-scu>100</act:commodity-scu>
  <act:description>Assets</act:description>
  <act:slots>
    <slot>
      <slot:key>placeholder</slot:key>
      <slot:value type="string">true</slot:value>
    </slot>
  </act:slots>
  <act:parent type="guid">308ade8cf0be2b0b05c5eec3114a65fa</act:parent>
</gnc:account>
<gnc:account version="2.0.0">
  <act:name>Cash in Wallet</act:name>
  <act:id type="guid">dae686a1636addc0dae1ae670701aa4a</act:id>
  <act:type>CASH</act:type>
  <act:commodity>
    <cmdty:space>ISO4217</cmdty:space>
    <cmdty:id>USD</cmdty:id>
  </act:commodity>
  <act:commodity-scu>100</act:commodity-scu>
  <act:description>Cash in Wallet</act:description>
  <act:slots>
    <slot>
      <slot:key>color</slot:key>
      <slot:value type="string">Not Set</slot:value>
    </slot>
  </act:slots>
  <act:parent type="guid">3f44d61cb1afd201e8ea5a54ec4fbbff</act:parent>
</gnc:account>
<gnc:account version="2.0.0">
  <act:name>Euro Bank</act:name>
  <act:id type="guid">0469e915a22ba7846aca0e69f9f9b683</act:id>
  <act:type>BANK</act:type>
  <act:commodity>
    <cmdty:space>ISO4217</cmdty:space>
    <cmdty:id>EUR</cmdty:id>
  </act:commodity>
  <act:commodity-scu>100</act:commodity-scu>
  <act:slots>
    <slot>
      <slot:key>color</slot:key>
      <slot:value type="string">Not Set</slot:value>
    </slot>
  </act:slots>
  <act:parent type="guid">3f44d61cb1afd201e8ea5a54ec4fbbff</act:parent>
</gnc:account>
<gnc:account version="2.0.0">
  <act:name>Expenses</act:name>
  <act:id type="guid">9b607f63aecb1a175556676904432365</act:id>
  <act:type>EXPENSE</act:type>
  <act:commodity>
    <cmdty:space>ISO4217</cmdty:space>
    <cmdty:id>USD</cmdty:id>
  </act:commodity>
  <act:commodity-scu>100</act:commodity-scu>
  <act:description>Expenses</act:description>
  <act:slots>
    <slot>
      <slot:key>placeholder</slot:key>
      <slot:value type="string">true</slot:value>
    </slot>
  </act:slots>
  <act:parent type="guid">308ade8cf0be2b0b05c5eec3114a65fa</act:parent>
</gnc:account>
<gnc:account version="2.0.0">
  <act:name>Dining</act:name>
  <act:id type="guid">6a7cf8267314992bdddcee56d71a3908</act:id>
  <act:type>EXPENSE</act:type>
  <act:commodity>
    <cmdty:space>ISO4217</cmdty:space>
    <cmdty:id>USD</cmdty:id>
  </act:commodity>
  <act:commodity-scu>100</act:commodity-scu>
  <act:description>Dining</act:description>
  <act:parent type="guid">9b607f63aecb1a175556676904432365</act:parent>
</gnc:account>
<gnc:transaction version="2.0.0">
  <trn:id type="guid">ded49386f8ea319ccaee043ba062b3e1</trn:id>
  <trn:currency>
    <cmdty:space>ISO4217</cmdty:space>
    <cmdty:id>USD</cmdty:id>
  </trn:currency>
  <trn:date-posted>
    <ts:date>2016-09-18 00:00:00 +0200</ts:date>
  </trn:date-posted>
  <trn:date-entered>
    <ts:date>2016-09-18 20:24:06 +0200</ts:date>
  </trn:date-entered>
  <trn:description>Salad express</trn:description>
  <trn:slots>
    <slot>
      <slot:key>date-posted</slot:key>
      <slot:value type="gdate">
        <gdate>2016-09-18</gdate>
      </slot:value>
    </slot>
  </trn:slots>
  <trn:splits>
    <trn:split>
      <split:id type="guid">88bbbbac7689a8657b04427f8117a783</split:id>
      <split:reconciled-state>n</split:reconciled-state>
      <split:value>2000/100</split:value>
      <split:quantity>2000/100</split:quantity>
      <split:account type="guid">6a7cf8267314992bdddcee56d71a3908</split:account>
    </trn:split>
    <trn:split>
      <split:id type="guid">e0dd885065bfe3c9ef63552fe84c6d23</split:id>
      <split:reconciled-state>n</split:reconciled-state>
      <split:value>-2000/100</split:value>
      <split:quantity>-1793/100</split:quantity>
      <split:account type="guid">0469e915a22ba7846aca0e69f9f9b683</split:account>
    </trn:split>
  </trn:splits>
</gnc:transaction>
</gnc:book>
</gnc-v2>

<!-- Local variables: -->
<!-- mode: xml        -->
<!-- End:             -->
